
@misc{microsoft_struct_2021,
	title = {{struct} ({C}++)},
	url = {https://learn.microsoft.com/en-us/cpp/cpp/struct-cpp?view=msvc-170},
	abstract = {Learn more about: struct (C++)},
	langid = {english},
	urldate = {2025-08-22},
	journal = {Microsoft Learn},
	author = {{Microsoft}},
	month = aug,
	year = {2021},
}

@misc{ibm_classes_2024,
	title = {Classes and structures ({C}++ only)},
	copyright = {Â© Copyright IBM Corporation 2024},
	url = {https://www.ibm.com/docs/en/zos/3.1.0?topic=only-classes-structures-c},
	abstract = {IBM Documentation.},
	langid = {english},
	urldate = {2025-08-22},
	journal = {IBM Documentation},
	author = {{IBM}},
	month = jun,
	year = {2024},
}

@misc{walls_struct_2014,
	title = {{struct} vs {class} in {C}++},
	url = {https://blogs.sw.siemens.com/embedded-software/2014/06/02/struct-vs-class-in-c/},
	langid = {english},
	urldate = {2025-08-22},
	journal = {Embedded Software},
	author = {Walls, Collin},
	month = jun,
	year = {2014},
}

@book{stroustrup_c++_2013,
	address = {Upper Saddle River, NJ},
	edition = {Fourth edition},
	title = {The {C}++ programming language},
	isbn = {9780321563842},
	publisher = {Addison-Wesley},
	author = {Stroustrup, Bjarne},
	year = {2013},
	keywords = {C++ (Computer program language)},
}

@misc{hekto_answer_2019,
	title = {Answer to "{Why} are struct and class essentially the same in {C}++?"},
	shorttitle = {Answer to "{Why} are struct and class essentially the same in {C}++?},
	url = {https://cs.stackexchange.com/a/113347},
	urldate = {2025-08-22},
	journal = {Computer Science Stack Exchange},
	author = {{HEKTO}},
	month = sep,
	year = {2019},
}
